@article{nytimes,
	author = "Jane E. Brody",
	title = "Curbing Binge Drinking Takes Group Effort",
	journal = "The New York Times",
	year = "2008"
}

@misc{cdc,
	author = "CDC",
	title = "Fact Sheets - Underage Drinking",
	institution = "Center for Disease Control and Prevention",
	year = "2014",
	URL = "http://www.cdc.gov/alcohol/fact-sheets/underage-drinking.htm"	
}

@article{vill,
	title = "Alcohol Use in College",
	journal = "Student Life",
	institution = "Villanova University",
	URL = "https://www1.villanova.edu/villanova/studentlife/counselingcenter/infosheets/alcoholuse.html"
}

@article{min,
	author = "Department of Family Social Science",
	title = "Why Students Drink",
	institution = "University of Minnesota",
	year = "2013",
	URL = "http://www.cehd.umn.edu/fsos/projects/alcohol/whydrink.asp"
}

@article{bryn,
	author = "Leah Rayner",
	title = "Alcohol Consumption: Losing a Sense of Self",
	institution = "Bryn Mawr College",
	year = "2001"
}

@article{harv,
	author = "Henry Wechsler, PhD; Jae Eun Lee, DrPH; Toben F. Nelson, MS; Meichun Kuo, ScD",
	title = "Underage College Studentsâ€™ Drinking Behavior, Access to Alcohol, and the Influence of Deterrence Policies",
	journal = "Journal of American College Health",
	volume = "50",
	number = "5",
	institution = "Harvard University",
	year = "2001"
}

@article{unh,
	author = "Laura Gaines",
	title = "Student Attitudes Towards Drinking Behaviors",
	institution = "University of New Hampshire",
	year = "2014",
}
